<?xml version="1.0" encoding="UTF-8"?><collection xmlns="http://www.loc.gov/MARC21/slim"><record><leader>00359nam--2200133-i-4500</leader><controlfield tag="001">000030517</controlfield><controlfield tag="002">20161230</controlfield><controlfield tag="005">20161230201038</controlfield><controlfield tag="008">060222s1000------------r-----000-0-eng-d</controlfield><datafield ind1=" " ind2=" " tag="100"><subfield code="a">Moisil, Grigore C</subfield></datafield><datafield ind1=" " ind2=" " tag="245"><subfield code="a">Algebra, partea ii, ed.ii-a</subfield></datafield><datafield ind1=" " ind2=" " tag="260"><subfield code="a">Bucuresti, Tipogr.Invatam., 1956, 426p</subfield></datafield><datafield ind1=" " ind2=" " tag="490"><subfield code="a">Univ.C.I.Parhon, Fac.De Matem.Si Fizica</subfield></datafield><datafield ind1=" " ind2=" " tag="852"><subfield code="a">4366</subfield></datafield></record></collection>